<?xml version="1.0" encoding="UTF-8"?><collection xmlns="http://www.loc.gov/MARC21/slim"><record><leader>00349nam--2200121-i-4500</leader><controlfield tag="001">000038735</controlfield><controlfield tag="002">20161230</controlfield><controlfield tag="005">20161230201041</controlfield><controlfield tag="008">060222s1000------------r-----000-0-eng-d</controlfield><datafield ind1=" " ind2=" " tag="080"><subfield code="a">061.62(73):001.891:539.1(047.1)</subfield></datafield><datafield ind1=" " ind2=" " tag="245"><subfield code="a">Reports to the doe nuclear data committee</subfield></datafield><datafield ind1=" " ind2=" " tag="260"><subfield code="a">Springfield, Brookhaven National Lab., 1989, Xix + 184p</subfield></datafield><datafield ind1=" " ind2=" " tag="852"><subfield code="a">78694</subfield></datafield></record></collection>